<?xml version="1.0" encoding="UTF-8"?>
<record xmlns="http://www.loc.gov/MARC21/slim" xmlns:xsi="http://www.w3.org/2001/XMLSchema-instance" xsi:schemaLocation="http://www.loc.gov/MARC21/slim http://www.loc.gov/standards/marcxml/schema/MARC21slim.xsd">
<leader>00000cam a22      a 4500</leader>
<controlfield tag="001">002818863</controlfield>
<controlfield tag="003">NNU</controlfield>
<controlfield tag="005">20141112183926.0</controlfield>
<controlfield tag="008">860214s1961    sy h     b    000 0 arard</controlfield>
<datafield tag="010" ind1=" " ind2=" ">
<subfield code="a">   80968155</subfield>
</datafield>
<datafield tag="035" ind1=" " ind2=" ">
<subfield code="a">(OCoLC)13154256</subfield>
<subfield code="z">(OCoLC)29799134</subfield>
<subfield code="z">(OCoLC)51060011</subfield>
</datafield>
<datafield tag="040" ind1=" " ind2=" ">
<subfield code="a">OSU</subfield>
<subfield code="b">eng</subfield>
<subfield code="c">OSU</subfield>
<subfield code="d">DLC</subfield>
<subfield code="d">OCLCQ</subfield>
<subfield code="d">OCLCG</subfield>
<subfield code="d">CUY</subfield>
<subfield code="d">EUX</subfield>
<subfield code="d">OCLCA</subfield>
<subfield code="d">OCLCQ</subfield>
<subfield code="d">OCLCO</subfield>
<subfield code="d">NNU</subfield>
</datafield>
<datafield tag="050" ind1=" " ind2="4">
<subfield code="a">PJ7745.I17</subfield>
<subfield code="b">Z82 1961</subfield>
</datafield>
<datafield tag="050" ind1=" " ind2="4">
<subfield code="a">PJ7741.I219</subfield>
<subfield code="b">M315 1961</subfield>
</datafield>
<datafield tag="100" ind1="1" ind2=" ">
<subfield code="6">880-01</subfield>
<subfield code="a">Ibn Durayd, Muḥammad ibn al-Ḥasan,</subfield>
<subfield code="d">837 or 838-933.</subfield>
</datafield>
<datafield tag="240" ind1="1" ind2="0">
<subfield code="6">880-02</subfield>
<subfield code="a">Maqṣūrah</subfield>
</datafield>
<datafield tag="245" ind1="1" ind2="0">
<subfield code="6">880-03</subfield>
<subfield code="a">Sharḥ Maqṣūrat Ibn Durayd /</subfield>
<subfield code="c">lil-Khaṭīb al-Tibrīzī.</subfield>
</datafield>
<datafield tag="250" ind1=" " ind2=" ">
<subfield code="6">880-04</subfield>
<subfield code="a">al-Ṭabʻah 1.</subfield>
</datafield>
<datafield tag="260" ind1=" " ind2=" ">
<subfield code="6">880-05</subfield>
<subfield code="a">Dimashq :</subfield>
<subfield code="b">Al-Maktab al-Islāmī,</subfield>
<subfield code="c">1961.</subfield>
</datafield>
<datafield tag="300" ind1=" " ind2=" ">
<subfield code="a">15, 242 pages :</subfield>
<subfield code="b">facsimiles ;</subfield>
<subfield code="c">25 cm</subfield>
</datafield>
<datafield tag="336" ind1=" " ind2=" ">
<subfield code="a">text</subfield>
<subfield code="b">txt</subfield>
<subfield code="2">rdacontent</subfield>
</datafield>
<datafield tag="337" ind1=" " ind2=" ">
<subfield code="a">unmediated</subfield>
<subfield code="b">n</subfield>
<subfield code="2">rdamedia</subfield>
</datafield>
<datafield tag="338" ind1=" " ind2=" ">
<subfield code="a">volume</subfield>
<subfield code="b">nc</subfield>
<subfield code="2">rdacarrier</subfield>
</datafield>
<datafield tag="504" ind1=" " ind2=" ">
<subfield code="a">Includes bibliographical references.</subfield>
</datafield>
<datafield tag="600" ind1="1" ind2="0">
<subfield code="a">Ibn Durayd, Muḥammad ibn al-Ḥasan,</subfield>
<subfield code="d">837 or 838-933.</subfield>
<subfield code="t">Maqṣūrah.</subfield>
</datafield>
<datafield tag="600" ind1="1" ind2="0">
<subfield code="a">Ibn Durayd, Muḥammad ibn al-Ḥasan,</subfield>
<subfield code="d">837 or 838-933.</subfield>
<subfield code="t">Maqṣūrah al-Duraydīyah al-ṣughrá.</subfield>
</datafield>
<datafield tag="653" ind1="0" ind2=" ">
<subfield code="a">Ibn Durayd's Maqṣūrah;</subfield>
<subfield code="a">interpretation.</subfield>
</datafield>
<datafield tag="700" ind1="1" ind2=" ">
<subfield code="6">880-06</subfield>
<subfield code="a">Tibrīzī, Yaḥyá ibn ʻAlī,</subfield>
<subfield code="d">-1109.</subfield>
</datafield>
<datafield tag="776" ind1="0" ind2="8">
<subfield code="i">Online version:</subfield>
<subfield code="a">Ibn Durayd, Muḥammad ibn al-Ḥasan, 837 or 8-933.</subfield>
<subfield code="s">Maqṣūrah.</subfield>
<subfield code="t">Sharḥ Maqṣūrat Ibn Durayd.</subfield>
<subfield code="b">al-Ṭabʻah 1.</subfield>
<subfield code="d">Dimashq : Al-Maktab al-Islāmī, 1961</subfield>
<subfield code="w">(OCoLC)586073967</subfield>
</datafield>
<datafield tag="776" ind1="0" ind2="8">
<subfield code="i">Online version:</subfield>
<subfield code="a">Ibn Durayd, Muḥammad ibn al-Ḥasan, 837 or 8-933.</subfield>
<subfield code="s">Maqṣūrah.</subfield>
<subfield code="t">Sharḥ Maqṣūrat Ibn Durayd.</subfield>
<subfield code="b">al-Ṭabʻah 1.</subfield>
<subfield code="d">Dimashq : Al-Maktab al-Islāmī, 1961</subfield>
<subfield code="w">(OCoLC)609187852</subfield>
</datafield>
<datafield tag="880" ind1="1" ind2=" ">
<subfield code="6">100-01/</subfield>
<subfield code="a">ابن دريد، محمد بن الحسن،</subfield>
<subfield code="d">837 or 838-933.</subfield>
</datafield>
<datafield tag="880" ind1="1" ind2="0">
<subfield code="6">240-02/</subfield>
<subfield code="a">مقصورة</subfield>
</datafield>
<datafield tag="880" ind1="1" ind2="0">
<subfield code="6">245-03/</subfield>
<subfield code="a">شرح مقصورة ابن دريد /</subfield>
<subfield code="c">للخطيب التبريزي.</subfield>
</datafield>
<datafield tag="880" ind1=" " ind2=" ">
<subfield code="6">250-04/</subfield>
<subfield code="a">الطبعة 1.</subfield>
</datafield>
<datafield tag="880" ind1=" " ind2=" ">
<subfield code="6">260-05/</subfield>
<subfield code="a">دمشق :</subfield>
<subfield code="b">المكتب الإسلامي،</subfield>
<subfield code="c">1961.</subfield>
</datafield>
<datafield tag="880" ind1="1" ind2=" ">
<subfield code="6">700-06/</subfield>
<subfield code="a">شاويش، محمد زهير.</subfield>
</datafield>
<datafield tag="OWN" ind1=" " ind2=" ">
<subfield code="a">GENERAL</subfield>
</datafield>
<datafield tag="AVA" ind1=" " ind2=" ">
<subfield code="a">NYU50</subfield>
<subfield code="b">BOBST</subfield>
<subfield code="c">Main Collection</subfield>
<subfield code="d">PJ7745.I17 Z82</subfield>
<subfield code="e">unavailable</subfield>
<subfield code="t">Unavailable</subfield>
<subfield code="f">1</subfield>
<subfield code="g">1</subfield>
<subfield code="h">N</subfield>
<subfield code="i">0</subfield>
<subfield code="j">MAIN</subfield>
<subfield code="k">0</subfield>
</datafield>
</record>
